% Encoding: UTF-8

@MISC{yandex_blog,
	author = {\mbox{Yandex N. V.}},
	title = {Десять миллионов треков на Яндекс.Музыке [Электронный ресурс]},
	howpublished = {Электронные данные},
  	note = {Режим доступа: \text{https://yandex.ru/blog/company/69072}. --- Дата
		доступа: 05.02.2017},
 	 owner = {mstyura},
  	timestamp = {2017.02.05}
}



@MISC{forbes,
	author = {\mbox{Kevin Murnane}},
	title = {The US Music Industry Crossed A Threshold In 2016 [Электронный ресурс]},	
	howpublished = {Электронные данные},
  	note = {Режим доступа: \text{https://www.forbes.com/sites/kevinmurnane/2017/01/18/the-us-music-industry-} \\ \text{passed-a-milestone-in-2016/\#312060b15a90}. --- Дата
		доступа: 05.02.2017},
 	 owner = {mstyura},
  	timestamp = {2017.02.05}
}

@MISC{yandex_blog_1,
	author = {\mbox{Yandex N. V.}},
	title = {Как это работает? Рекомендации в Яндекс.Музыке [Электронный ресурс]},
	howpublished = {Электронные данные},
  	note = {Режим доступа: \text{https://yandex.ru/blog/company/92883}. --- Дата
		доступа: 05.02.2017},
 	 owner = {mstyura},
  	timestamp = {2017.02.05}
}


@MISC{ibm_blog,
	author = {\mbox{M. Jones}},
	title = {Introduction to approaches and algorithms [Электронный ресурс]},
	howpublished = {Электронные данные},
  	note = {Режим доступа: \text{https://www.ibm.com/developerworks/opensource/library/os-recommender1/index.} \\ \text{html?S\_TACT=105AGX99\&S\_CMP=CP}. --- Дата
		доступа: 05.02.2017},
 	 owner = {mstyura},
  	timestamp = {2017.02.05}
}


@MISC{holo_blog,
	title = {HOLO — Система анализа музыки [Электронный ресурс]},
	howpublished = {Электронные данные},
  	note = {Режим доступа: \text{https://habrahabr.ru/post/194724/}. --- Дата
		доступа: 05.02.2017},
 	 owner = {mstyura},
  	timestamp = {2017.02.05}
}


@MISC{athena,
  title = {Формирование музыкальных предпочтений у нейронной сети — эксперимент по созданию умного плеера [Электронный ресурс]},
  howpublished = {Электонные данные},
   note = {Режим доступа: \text{https://habrahabr.ru/post/263811/}. --- Дата
   доступа: 05.02.2017},
   timestamp = {2017.02.05}
}


@MISC{pandora_blog,
	title = {About Pandora [Электронный ресурс]},
	howpublished = {Электронные данные},
  	note = {Режим доступа: \text{http://www.pandora.com/about}. --- Дата
		доступа: 05.02.2017},
 	 owner = {mstyura},
  	timestamp = {2017.02.05}
}

@MISC{tech_blog,
	title = {The Best Music Services Compared [Электронный ресурс]},
	howpublished = {Электронные данные},
  	note = {Режим доступа: \text{http://www.techlicious.com/guide/best-music-service-best-for-you/}. --- Дата
		доступа: 05.02.2017},
 	 owner = {mstyura},
  	timestamp = {2017.02.05}
}

@MISC{google_patent,
	title = {Consumer item matching method and system US 7003515 B1 [Электронный ресурс]},
	howpublished = {Электронные данные},
  	note = {Режим доступа: \text{http://www.google.com/patents/US7003515?dq=7,003,515}. --- Дата
		доступа: 05.02.2017},
 	 owner = {mstyura},
  	timestamp = {2017.02.05}
}

@MISC{interview,
	title = {Tim Westergren (Music Genome Project Founder) [Электронный ресурс]},
	howpublished = {Электронные данные},
  	note = {Режим доступа: \text{http://www.tinymixtapes.com/features/tim-westergren-music-genome-project-}  \\ \text{founder}. --- Дата
		доступа: 05.02.2017},
 	 owner = {mstyura},
  	timestamp = {2017.02.05}
}

@MISC{src1,
  title = {Automatic Musical Genre Classification Of Audio Signals},
  year = {2001},
  author = {George Tzanetakis, Georg Essl, Perry Cook},
  timestamp = {2017.02.05}
}

@MISC{src2,
  title = {Music Similarity Measures for Interpolative Playlist Generation},
  year = {2008},
  author = {Jamil George Bashi},
  timestamp = {2017.02.05}
}

@MISC{src3,
  title = {Sound-Source Recognition: A Theory and Computational Model},
  year = {1999},
  author = {Keith Dana Martin},
  timestamp = {2017.02.05}
}

@MISC{src4,
  title = {Automatic Recognition of Samples in Musical Audio},
  year = {2011},
  author = {Jan Van Balen},
  timestamp = {2017.02.05}
}

@MISC{qtransform,
  title = {Calculation of a constant Q spectral transform},
  year = {1991},
  author = {Judith C. Brown},
  timestamp = {2017.02.05}
}

@MISC{raised_consinus,
  title = {Digital Communications},
  year = {1998},
  author = {Ian Glover, Peter Grant},
  pages = {267},
  timestamp = {2017.02.05}
}

@MISC{mfcc1,
  title = {Mel Frequency Cepstral Coefficient for Music Modeling},
  year = {2000},
  author = {Beth Logan},
  timestamp = {2017.02.05}
}

@MISC{mfcc2,
  title = {Supervised Learning in Genre Classification},
  year = {2009},
  author = {Mohit Rajani, Luke Ekkizogloy},
  timestamp = {2017.02.05}
}


@Comment{jabref-meta: databaseType:biblatex;}
