% This file was created with JabRef 2.9.2.
% Encoding: utf8

@Unpublished{google_gntb,
  title = "{Globaly Normalized Transition-Based Neural Networks}",
  author = "Daniel Andor and Chris Alberti and David Weiss and Aliaksei Severyn and Alessandro Presta and Kuzman Ganchev and Slav Petrov and Michael Collins",
  year = "2016",
  eprint = "1603.06042",
  archivePrefix = "arXiv",
}

@Book{Goodfellow-et-al-2016,
    title={Deep Learning},
    author={Ian Goodfellow and Yoshua Bengio and Aaron Courville},
    publisher={MIT Press},
    note={\url{http://www.deeplearningbook.org}},
    year={2016}
}

@Unpublished{word2vec,
  title = "{Distributed Representations of Words and Phrases and their Compositionality}",
  author = "Tomas Mikolov and Ilya Sutskever and Kai Chen and Greg Corrado and Jeffrey Dean",
  year = "2013",
  eprint = "1310.4546",
  archivePrefix = "arXiv",
}

@article{LSTM,
author = {Sepp Hochreiter  and  Jürgen Schmidhuber},
title = {Long Short-Term Memory},
journal = {Neural Computation},
volume = {9},
number = {8},
pages = {1735-1780},
year = {1997},
doi = {10.1162/neco.1997.9.8.1735},
URL = {https://doi.org/10.1162/neco.1997.9.8.1735},
eprint = {https://doi.org/10.1162/neco.1997.9.8.1735}
}

@Unpublished{openai,
title = "{Learning to Generate Reviews and Discovering Sentiment}",
author = "Alec Radford and Rafal Józefowicz and lya Sutskever",
year = "2017",
eprint = "1704.01444",
archivePrefix = "arXiv",
}

@Book{Chomsky,
title={Three models for the description of language},
author={Naom Chomsky},
publisher={IRE Transactions on Information Theory},
year={1956}
}

@conference{RNTN,
title={Recursive Deep Models for Semantic Compositionality Over a Sentiment Treebank},
author={Richard Socher and Alex Perelygin and Jean Wu and Jason Chuang and Chris Manning and Andrew Ng and Chris Potts},
year={2013}
}

@Unpublished{tree_lstm,
title = "{Improved Semantic Representations From Tree-Structured Long Short-Term Memory Networks}",
author = "Kai Sheng Tai and Richard Socher and Christopher D. Manning",
year = "2015",
eprint = "1503.00075",
archivePrefix = "arXiv",
}

@misc{wiki:dep_grammar,
  author = "{Wikipedia contributors}",
  title = "Dependency grammar --- {W}ikipedia{,} The Free Encyclopedia",
  year = "2004",
  url = "https://en.wikipedia.org/wiki/Dependency_grammar",
  note = "[Online; accessed 11-April-2018]"
}

@misc{tf_doc:checkpoint,
  title = "Tensorflow documentation",
  year = "2018",
  url = "https://www.tensorflow.org/get_started/checkpoints",
  note = "[Online; accessed 10-May-2018]"
}

@misc{stanford_course,
  title = "Statistical Learning course",
  url = "https://lagunita.stanford.edu/courses/HumanitiesSciences/StatLearning/Winter2016/",
  note = "[Online; accessed 11-May-2018]"
}